@article{malkoti2019highly,
  title={A highly efficient implicit finite difference scheme for acoustic wave propagation},
  author={Malkoti, Ajay and Vedanti, Nimisha and Tiwari, Ram Krishna},
  journal={Journal of Applied Geophysics},
  volume={161},
  pages={204--215},
  year={2019},
  publisher={Elsevier}
}


@article{vedanti2019viscoelastic,
  title={Viscoelastic seismic modeling and Q estimation for an attenuating media},
  author={Vedanti, Nimisha and Malkoti, Ajay},
  journal={EDITORIAL OFFICE},
  volume={23},
  number={1},
  pages={3--9},
  year={2019}
}


@article{vedanti2018ultrasonic,
  title={Ultrasonic P-and S-wave attenuation and petrophysical properties of Deccan Flood Basalts, India, as revealed by Borehole Studies},
  author={Vedanti, Nimisha and Malkoti, Ajay and Pandey, OP and Shrivastava, JP},
  journal={Pure and Applied Geophysics},
  volume={175},
  number={8},
  pages={2905--2930},
  year={2018},
  publisher={Springer}
}


@article{malkoti2018algorithm,
  title={An algorithm for fast elastic wave simulation using a vectorized finite difference operator},
  author={Malkoti, Ajay and Vedanti, Nimisha and Tiwari, Ram Krishna},
  journal={Computers \& Geosciences},
  volume={116},
  pages={23--31},
  year={2018},
  publisher={Elsevier}
}


@article{malkoti2017inversion,
  title={Inversion of well log data using improved shale model for determination of petrophysical parameters},
  author={Malkoti, Ajay and Vedanti, Nimisha and Bhattacharya, AK},
  journal={J Indian Geophys Union},
  volume={21},
  pages={96--104},
  year={2017}
}


%%%%%%%%%%%%%%%%%%%%%%%%%%%%%%%%%%%%%%%%%%%

@incollection{vedanti2015investigation,
  title={Investigation of petrophysical properties and ultrasonic P-and S-wave attenuation in Deccan Flood Basalts, India},
  author={Vedanti*, Nimisha and Lakshmi, KJP and Dutta, Satyajit and Malkoti, Ajay and Pandey, OP},
  booktitle={SEG Technical Program Expanded Abstracts 2015},
  pages={3274--3278},
  year={2015},
  publisher={Society of Exploration Geophysicists}
}


@incollection{malkoti2015modeling,
  title={Modeling viscoelastic seismic wave propagation in Deccan flood basalt, western India},
  author={Malkoti*, Ajay and Vedanti, Nimisha and Kunagu, Praveen and Tiwari, RK},
  booktitle={SEG Technical Program Expanded Abstracts 2015},
  pages={3764--3768},
  year={2015},
  publisher={Society of Exploration Geophysicists}
}
