
@inproceedings{ajay_malkoti_modeling_2015,
	address = {New Orleans, USA},
	title = {Modeling viscoelastic seismic wave propagation in {Deccan} flood basalt, western {India}},
	booktitle = {{SEG} {Technical} {Program} {Expanded} {Abstracts} 2015},
	publisher = {Society of Exploration Geophysicists},
	author = {{Ajay Malkoti} and {Nimisha Vedanti} and {Praveen Kunagu} and {RK Tiwari}},
	year = {2015},
	doi = {10.1190/segam2015-5898555.1},
	pages = {3764--3768}
}

@inproceedings{vedanti_investigation_2015,
	address = {New Orleans, USA},
	series = {{SEG} {Technical} {Program} {Expanded} {Abstracts}},
	title = {Investigation of {Petrophysical} {Properties} and {Ultrasonic} {P}-and {S}- {Wave} attenuation in {Deccan} {Flood} {Basalts}, {India}},
	booktitle = {{SEG} {Technical} {Program} {Expanded} {Abstracts} 2015},
	publisher = {Society of Exploration Geophysicists},
	author = {Vedanti*, Nimisha and Lakshmi, K.j.p. and Dutta, Satyajit and Malkoti, Ajay and Pandey, O.p.},
	year = {2015},
	doi = {10.1190/segam2015-5858683.1},
	keywords = {attenuation, Q, subbasalt, ultrasonic, velocity},
	pages = {3274--3278},
	file = {Snapshot:/home/malkoti/snap/zotero-snap/common/Zotero/storage/BYH47D27/segam2015-5858683.html:text/html}
}

@inproceedings{a_malkoti_hv_2020,
	address = {Virtual},
	title = {H/{V} amplitude ratio measurement using multicomponent ambient noise cross-correlations and its relationship to {Vp}/{Vs}},
	booktitle = {{AGU} {Fall} {Meeting} 2020},
	author = {{A Malkoti} and {A Datta} and {SM Hanasoge}},
	year = {2020}
}

@inproceedings{ajay_malkoti_efficient_2019,
	address = {Montreal, Canada.},
	title = {Efficient seismic simulation for a highly attenuating media},
	author = {{Ajay Malkoti} and {Nimisha Vedanti}},
	year = {2019}
}

@inproceedings{nimisha_vedanti_petrophysical_2019,
	address = {Montreal, Canada},
	title = {Petrophysical characterization of two formations of {Deccan} flood basalt for improved sub-basalt imaging},
	author = {{Nimisha Vedanti} and {Ajay Malkoti}},
	year = {2019}
}

@inproceedings{ajay_malkoti_high_2017,
	address = {Banaras Hindu University, Varanasi, India},
	title = {High fidelity numerical simulation for scaler wave},
	author = {{Ajay Malkoti} and {Nimisha Vedanti} and {R K Tiwari}},
	year = {2017}
}

@inproceedings{rimple_malik_1-d_2017,
	address = {Banaras Hindu University, Varanasi, India},
	title = {1-{D} {Full} waveform inversion using micro genetic algorithm},
	author = {Rimple Malik, Rimple Malik and {Ajay Malkoti} and {Nimisha Vedanti} and {VP Dimri}},
	year = {2017}
}

@inproceedings{nimisha_vedanti_elastic_2015,
	address = {Birbal Sahni Institute for Palaeobotany, Lucknow, India},
	title = {Elastic properties of ambenali and poladpur formations of {DVP}: {New} findings, presented at {National} conference on {Paleogene} of the {Indian} {Subcontinent}},
	booktitle = {National conference on {Paleogene} of the {Indian} {Subcontinent}},
	author = {{Nimisha Vedanti} and {Ajay Malkoti} and {Satyajit Datta} and {OP Pandey}},
	year = {2015}
}

@inproceedings{ajay_malkoti_inversion_2014,
	address = {Kurukshetra University, Haryana, India},
	title = {Inversion of well log data for better determination of petrophysical parameters},
	author = {{Ajay Malkoti}},
	year = {2014},
	pages = {198}
}
