@article{malkoti_highly_2019,
	title = {A highly efficient implicit finite difference scheme for acoustic wave propagation},
	volume = {161},
	issn = {0926-9851},
	doi = {10.1016/j.jappgeo.2018.12.017},
	language = {en},
	journal = {Journal of Applied Geophysics},
	author = {Malkoti, Ajay and Vedanti, Nimisha and Tiwari, Ram Krishna},
	year = {2019},
	keywords = {Wave propagation, 2D/3D modeling, Acoustic, Finite difference, Seismic},
	pages = {204--215}
}

@article{vedanti_ultrasonic_2018,
	title = {Ultrasonic {P}- and {S}-{Wave} {Attenuation} and {Petrophysical} {Properties} of {Deccan} {Flood} {Basalts}, {India}, as {Revealed} by {Borehole} {Studies}},
	volume = {175},
	issn = {1420-9136},
	doi = {10.1007/s00024-018-1817-x},
	number = {8},
	journal = {Pure and Applied Geophysics},
	author = {Vedanti, Nimisha and Malkoti, Ajay and Pandey, O. P. and Shrivastava, J. P.},
	year = {2018},
	pages = {2905--2930}
}

@article{malkoti_algorithm_2018,
	title = {An algorithm for fast elastic wave simulation using a vectorized finite difference operator},
	volume = {116},
	doi = {10.1016/j.cageo.2018.04.002},
	journal = {Computers \& Geosciences},
	author = {Malkoti, Ajay and Vedanti, Nimisha and Tiwari, Ram Krishna},
	year = {2018},
	keywords = {Staggered grid, Seismic, Elastic wave, Vectorization},
	pages = {23--31},
	file = {ScienceDirect Snapshot:/home/malkoti/snap/zotero-snap/common/Zotero/storage/T2BLUDBH/S0098300417306039.html:text/html}
}

@article{malkoti_inversion_2017,
	title = {Inversion of well log data using improved shale model for determination of petrophysical parameters},
	volume = {21},
	language = {en},
	number = {2},
	journal = {Journal of Indian Geophysical Union},
	author = {Malkoti, Ajay and Vedanti, Nimisha and Bhattacharya, Amit K.},
	year = {2017},
	pages = {96--104},
	file = {Snapshot:/home/malkoti/snap/zotero-snap/common/Zotero/storage/JQR6SS9G/a7ef9265ac7591c4bfbef5c742326f8c91215657.html:text/html}
}

@article{li_matlab_2020,
	title = {A {MATLAB} solver for the {3D} anisotropic wave equation using the finite-difference method},
	journal = {(Computational Geosciences) Under submission},
	author = {Li, L. and Zhou, J. and Malkoti, A. and al., et.},
	year = {2020}
}

@article{malkoti_viscoelastic_2020,
	title = {Viscoelastic modeling with a vectorized finite difference operator.},
	journal = {Under submission},
	author = {Malkoti, Ajay and Vedanti, Nimisha and Tiwari, R. K.},
	year = {2020}
}

@article{ajay_malkoti_homogenization_2020,
	title = {Homogenization of {2D} acoustic wave equation},
	journal = {(Geophysics) Under submission},
	author = {{Ajay Malkoti} and {Shravan Hanasoge} and {R.E. Plessix}},
	year = {2020}
}

@article{ajay_malkoti_rayleigh_2020,
	title = {Rayleigh wave {H}/{V} amplitude ratio measurement using multicomponent ambient noise cross-correlations, and its relationship to {Vp}/{Vs}},
	doi = {https://doi.org/10.31223/X5K88G},
	journal = {EarthArxiv},
	author = {Ajay Malkoti and {Arjun Datta} and {Shravan M Hanasoge}},
	year = {2020}
}

@article{nimisha_vedanti_viscoelastic_2019,
	title = {Viscoelastic seismic modeling and {Q} estimation for an attenuating media},
	volume = {23},
	number = {1},
	journal = {Journal of Indian Geophysical Union},
	author = {{Nimisha Vedanti} and {Ajay Malkoti}},
	year = {2019},
	pages = {3--9}
}

@article{uma_vadapalli_fractal_2020,
	title = {Fractal theory based acceptance rejection monte carlo algorithm for permeability modelling of sandstone reservoirs},
	journal = {Under submission},
	author = {{Uma Vadapalli} and {Ajay Malkoti} and {G Harini} and {Nimisha Vedanti} and {VP Dimri}},
	year = {2020}
}