@article{vadapalli2022field,
  title={Field-scale and site-specific permeability of sandstone reservoirs using a stabilized Monte Carlo algorithm: A case study},
  author={Vadapalli, Uma and Malkoti, Ajay and Vedanti, Nimisha and Dimri, VP and Guruhappa, Harini},
  journal={Geophysics},
  volume={87},
  number={6},
  pages={B337--B350},
  year={2022},
  publisher={Society of Exploration Geophysicists}
}


@article{malkoti2022upscaling,
  title={Upscaling acoustic wave equation using renormalization group theory},
  author={Malkoti, Ajay and Hanasoge, Shravan M and Plessix, Ren{\'e}-{\'E}douard},
  journal={Geophysics},
  volume={87},
  number={4},
  pages={T281--T290},
  year={2022},
  publisher={Society of Exploration Geophysicists}
}


@article{malkoti2021rayleigh,
  title={Rayleigh-wave H/V ratio measurement from ambient noise cross-correlations and its sensitivity to Vp: a numerical study},
  author={Malkoti, Ajay and Datta, Arjun and Hanasoge, Shravan M},
  journal={Geophysical Journal International},
  volume={227},
  number={1},
  pages={472--482},
  year={2021},
  publisher={Oxford University Press}
}



@article{li2021fdwave3d,
  title={FDwave3D: a MATLAB solver for the 3D anisotropic wave equation using the finite-difference method},
  author={Li, Lei and Tan, Jingqiang and Zhang, Dazhou and Malkoti, Ajay and Abakumov, Ivan and Xie, Yujiang},
  journal={Computational Geosciences},
  volume={25},
  pages={1565--1578},
  year={2021},
  publisher={Springer}
}



@article{malkoti_highly_2019,
	title = {A highly efficient implicit finite difference scheme for acoustic wave propagation},
	volume = {161},
	issn = {0926-9851},
	doi = {10.1016/j.jappgeo.2018.12.017},
	language = {en},
	journal = {Journal of Applied Geophysics},
	author = {Malkoti, Ajay and Vedanti, Nimisha and Tiwari, Ram Krishna},
	year = {2019},
	keywords = {Wave propagation, 2D/3D modeling, Acoustic, Finite difference, Seismic},
	pages = {204--215}
}



@article{nimisha_vedanti_viscoelastic_2019,
	title = {Viscoelastic seismic modeling and {Q} estimation for an attenuating media},
	volume = {23},
	number = {1},
	journal = {Journal of Indian Geophysical Union},
	author = {{Nimisha Vedanti} and {Ajay Malkoti}},
	year = {2019},
	pages = {3--9}
}



@article{vedanti_ultrasonic_2018,
	title = {Ultrasonic {P}- and {S}-{Wave} {Attenuation} and {Petrophysical} {Properties} of {Deccan} {Flood} {Basalts}, {India}, as {Revealed} by {Borehole} {Studies}},
	volume = {175},
	issn = {1420-9136},
	doi = {10.1007/s00024-018-1817-x},
	number = {8},
	journal = {Pure and Applied Geophysics},
	author = {Vedanti, Nimisha and Malkoti, Ajay and Pandey, O. P. and Shrivastava, J. P.},
	year = {2018},
	pages = {2905--2930}
}

@article{malkoti_algorithm_2018,
	title = {An algorithm for fast elastic wave simulation using a vectorized finite difference operator},
	volume = {116},
	doi = {10.1016/j.cageo.2018.04.002},
	journal = {Computers \& Geosciences},
	author = {Malkoti, Ajay and Vedanti, Nimisha and Tiwari, Ram Krishna},
	year = {2018},
	keywords = {Staggered grid, Seismic, Elastic wave, Vectorization},
	pages = {23--31},
	file = {ScienceDirect Snapshot:/home/malkoti/snap/zotero-snap/common/Zotero/storage/T2BLUDBH/S0098300417306039.html:text/html}
}

@article{malkoti_inversion_2017,
	title = {Inversion of well log data using improved shale model for determination of petrophysical parameters},
	volume = {21},	
	number = {2},
	journal = {Journal of Indian Geophysical Union},
	author = {Malkoti, Ajay and Vedanti, Nimisha and Bhattacharya, Amit K.},
	year = {2017},
	pages = {96--104},
	file = {Snapshot:/home/malkoti/snap/zotero-snap/common/Zotero/storage/JQR6SS9G/a7ef9265ac7591c4bfbef5c742326f8c91215657.html:text/html}
}

